@book{enderton1977elements,
  title={Elements of Set Theory},
  author={Enderton, H.B.},
  isbn={9780080570426},
  url={https://books.google.co.uk/books?id=JlR-Ehk35XkC},
  year={1977},
  publisher={Elsevier Science}
}

@book{swierczkowski2003finite,
  title={Finite Sets and G{\"o}del's Incompleteness Theorems},
  author={{\'S}wierczkowski, S.},
  series={Dissertationes mathematicae},
  url={https://books.google.co.uk/books?id=5BQZAQAAIAAJ},
  year={2003},
  publisher={IM PAN}
}

@book{shoenfield1967mathematical,
  title={Mathematical logic},
  author={Shoenfield, Joseph R},
  year={1967},
  publisher={Addison-Wesley}
}